@misc{website:stackoverflow,
author = {abc},
title = {abc},
month = {00},
year = {2012},
url = {http://}
}

@misc{website:stackexchange,
title = {{StackExchange Data Explorer}},
year = {2012},
note = {\url{http://data.stackexchange.com/stackoverflow/queries}}
}

@misc{website:supercsv,
title = {{Super CSV}},
author = {Graversen, Kasper},
year = {2007-2012},
note = {\url{http://supercsv.sourceforge.net/}}
}

@misc{website:kaggle,
title = {{Predict Closed Questions on Stack Overflow}},
month = {08}
year = {2012}
note = {\url{https://www.kaggle.com/c/predict-closed-questions-on-stack-overflow}}
}

@article{griffiths2010,
  title={{Probabilistic models of cognition: exploring representations and inductive biases}},
  author={Griffiths, T.L. and Chater, N. and Kemp, C. and Perfors, A. and Tenenbaum, J.B.},
  journal={Trends in Cognitive Science},
  volume={14},
  number={8},
  pages={357--364},
  year={2010}
}

@book{book:rl_algorithms,
  title={{Algorithms for Reinforcement Learning - Draft of the lecture published in the Synthesis Lectures on Artificial Intelligence and Machine Learning series}},
  author={Szepesvari, C.},
  year={2009},
  publisher={Morgan \& Claypool Publishers}
}

